<?xml version="1.0" encoding="UTF-8"?><collection xmlns="http://www.loc.gov/MARC21/slim"><record><leader>00452nam--2200181-i-4500</leader><controlfield tag="001">000026919</controlfield><controlfield tag="002">20161230</controlfield><controlfield tag="005">20161230201036</controlfield><controlfield tag="008">060222s1000------------r-----000-0-ger-d</controlfield><datafield ind1=" " ind2=" " tag="040"><subfield code="a">IFIN-HH</subfield></datafield><datafield ind1=" " ind2=" " tag="041"><subfield code="a">ger</subfield></datafield><datafield ind1=" " ind2=" " tag="080"><subfield code="a">535.375.5:543.424</subfield></datafield><datafield ind1="1" ind2=" " tag="100"><subfield code="a">Kohlrausch, K.W.F</subfield></datafield><datafield ind1="1" ind2="0" tag="245"><subfield code="a">Ramanspektren</subfield><subfield code="c">K.w.f. kohlrausch</subfield></datafield><datafield ind1=" " ind2=" " tag="260"><subfield code="a">RHEINE</subfield><subfield code="b">Heyden &amp; Son Ltd</subfield><subfield code="c">1972</subfield></datafield><datafield ind1=" " ind2=" " tag="300"><subfield code="a">XV + P.DIF</subfield></datafield><datafield ind1=" " ind2=" " tag="852"><subfield code="a">39303</subfield><subfield code="c">535.33</subfield></datafield><datafield ind1=" " ind2=" " tag="CAT"><subfield code="a">Sys</subfield><subfield code="c">20101206</subfield><subfield code="h">133853</subfield></datafield></record></collection>